
@article{takagi01interactive,
	Author = {H. Takagi},
	Colume = {89},
	Journal = {Proceedings of the IEEE},
	volume = {9},
	Pages = {1275-1296},
	Title = {Interactive Evolutionary Computation: Fusion of the Capabilities of {EC} Optimization and Human Evaluation},
	Year = {2001}}


@book{Daw86,
	Address = {Essex, U.K.},
	Author = {Dawkins, R.},
	Publisher = {Longman},
	Title = {The BlindWatchmaker, 1986.},
	Year = {1986}}


@techreport{DC07,
	Author = {Deb, K. and Chaudhuri, S.},
	Institution = {Kanpur Genetic Algorithms Laboratory},
	Number = {2007003},
	Title = {I-MODE: An Interactive Multi-Objective Optimization and Decision-Making using Evolutionary Methods},
	Type = {KanGal report},
	Year = {2007}}

@techreport{DK07,
	Author = {Deb, K. and Kumar, A.},
	Institution = {Kanpur Genetic Algorithms Laboratory},
	Number = {2007001},
	Title = {Interactive Evolutionary Multi-Objective Optimization and Decision-Making using Reference Direction Method},
	Type = {KanGal report},
	Year = {2007}}

@incollection{parmee:human-centric2003,
	Author = {Parmee, I. C.},
	Booktitle = {Handbook of Research on Nature-Inspired Computing for Economics and Management},
	Editor = {Rennard, J.-P.},
	Pages = {395-411},
	Publisher = {{IGI} Global},
	Title = {Human-Centric Evolutionary Systems in Design and Decision-Making},
	Year = {2007}}

@incollection{parmee08user-centric,
	Address = {Berlin Heidelberg},
	Affiliation = {University of the West of England, Frenchay Campus, Coldharbour Lane ACDDM Lab, Faculty of Computing, Engineering and Mathematical Sciences Bristol BS16 1QY UK},
	Author = {Parmee, Ian C. and Abraham, Johnson A. R. and Machwe, Azahar},
	Booktitle = {Multiobjective Problem Solving from Nature},
	Editor = {Knowles, Joshua and Corne, David and Deb, Kalyanmoy and Chair, Deva Raj},
	Pages = {263-283},
	Publisher = {Springer},
	Series = {Natural Computing Series},
	Title = {User-Centric Evolutionary Computing: Melding Human and Machine Capability to Satisfy Multiple Criteria},
	Year = {2008}}

@article{badillo13usercentric,
  author    = {Badillo, Ana Reyes  and
               Ruiz, Juan Jes{\'{u}}s and
               Cotta, Carlos and
               Fern{\'{a}}ndez Leiva, Antonio Jos{\'{e}} },
  title     = {On user-centric memetic algorithms},
  journal   = {Soft Computing},
  volume    = {17},
  number    = {2},
  pages     = {285--300},
  year      = {2013},
}
